
@article{k-anonymity,
  author    = {Latanya Sweeney},
  title     = {k-Anonymity: {A} Model for Protecting Privacy},
  journal   = {Int. J. Uncertain. Fuzziness Knowl. Based Syst.},
  volume    = {10},
  number    = {5},
  pages     = {557--570},
  year      = {2002},
  url       = {https://doi.org/10.1142/S0218488502001648},
  doi       = {10.1142/S0218488502001648},
  timestamp = {Thu, 18 Jun 2020 22:13:33 +0200},
  biburl    = {https://dblp.org/rec/journals/ijufks/Sweene02.bib},
  bibsource = {dblp computer science bibliography, https://dblp.org}
}

@article{l-diversity,
  author    = {Ashwin Machanavajjhala and
               Daniel Kifer and
               Johannes Gehrke and
               Muthuramakrishnan Venkitasubramaniam},
  title     = {\emph{L}-diversity: Privacy beyond \emph{k}-anonymity},
  journal   = {{ACM} Trans. Knowl. Discov. Data},
  volume    = {1},
  number    = {1},
  pages     = {3},
  year      = {2007},
  url       = {https://doi.org/10.1145/1217299.1217302},
  doi       = {10.1145/1217299.1217302},
  timestamp = {Thu, 16 Apr 2020 13:58:46 +0200},
  biburl    = {https://dblp.org/rec/journals/tkdd/MachanavajjhalaKGV07.bib},
  bibsource = {dblp computer science bibliography, https://dblp.org}
}

@inproceedings{t-closeness,
  author    = {Ninghui Li and
               Tiancheng Li and
               Suresh Venkatasubramanian},
  editor    = {Rada Chirkova and
               Asuman Dogac and
               M. Tamer {\"{O}}zsu and
               Timos K. Sellis},
  title     = {t-Closeness: Privacy Beyond k-Anonymity and l-Diversity},
  booktitle = {Proceedings of the 23rd International Conference on Data Engineering,
               {ICDE} 2007, The Marmara Hotel, Istanbul, Turkey, April 15-20, 2007},
  pages     = {106--115},
  publisher = {{IEEE} Computer Society},
  year      = {2007},
  url       = {https://doi.org/10.1109/ICDE.2007.367856},
  doi       = {10.1109/ICDE.2007.367856},
  timestamp = {Wed, 16 Oct 2019 14:14:56 +0200},
  biburl    = {https://dblp.org/rec/conf/icde/LiLV07.bib},
  bibsource = {dblp computer science bibliography, https://dblp.org}
}
攻击
@inproceedings{fredrikson2015inversion,
  author    = {Matt Fredrikson and
               Somesh Jha and
               Thomas Ristenpart},
  editor    = {Indrajit Ray and
               Ninghui Li and
               Christopher Kruegel},
  title     = {Model Inversion Attacks that Exploit Confidence Information and Basic
               Countermeasures},
  booktitle = {Proceedings of the 22nd {ACM} {SIGSAC} Conference on Computer and
               Communications Security, Denver, CO, USA, October 12-16, 2015},
  pages     = {1322--1333},
  publisher = {{ACM}},
  year      = {2015},
  url       = {https://doi.org/10.1145/2810103.2813677},
  doi       = {10.1145/2810103.2813677},
  timestamp = {Tue, 06 Nov 2018 11:07:29 +0100},
  biburl    = {https://dblp.org/rec/conf/ccs/FredriksonJR15.bib},
  bibsource = {dblp computer science bibliography, https://dblp.org}
}
@inproceedings{zhuligeng2019deepleakage,
  author    = {Ligeng Zhu and
               Zhijian Liu and
               Song Han},
  editor    = {Hanna M. Wallach and
               Hugo Larochelle and
               Alina Beygelzimer and
               Florence d'Alch{\'{e}}{-}Buc and
               Emily B. Fox and
               Roman Garnett},
  title     = {Deep Leakage from Gradients},
  booktitle = {Advances in Neural Information Processing Systems 32: Annual Conference
               on Neural Information Processing Systems 2019, NeurIPS 2019, 8-14
               December 2019, Vancouver, BC, Canada},
  pages     = {14747--14756},
  year      = {2019},
  url       = {http://papers.nips.cc/paper/9617-deep-leakage-from-gradients},
  timestamp = {Fri, 06 Mar 2020 17:00:05 +0100},
  biburl    = {https://dblp.org/rec/conf/nips/ZhuLH19.bib},
  bibsource = {dblp computer science bibliography, https://dblp.org}
}
联邦学习
@inproceedings{mcmahan17fed,
  author    = {Brendan McMahan and
               Eider Moore and
               Daniel Ramage and
               Seth Hampson and
               Blaise Ag{\"{u}}era y Arcas},
  editor    = {Aarti Singh and
               Xiaojin (Jerry) Zhu},
  title     = {Communication-Efficient Learning of Deep Networks from Decentralized
               Data},
  booktitle = {Proceedings of the 20th International Conference on Artificial Intelligence
               and Statistics, {AISTATS} 2017, 20-22 April 2017, Fort Lauderdale,
               FL, {USA}},
  series    = {Proceedings of Machine Learning Research},
  volume    = {54},
  pages     = {1273--1282},
  publisher = {{PMLR}},
  year      = {2017},
  url       = {http://proceedings.mlr.press/v54/mcmahan17a.html},
  timestamp = {Wed, 29 May 2019 08:41:44 +0200},
  biburl    = {https://dblp.org/rec/conf/aistats/McMahanMRHA17.bib},
  bibsource = {dblp computer science bibliography, https://dblp.org}
}

@inproceedings{bonawitz2017aggre,
  author    = {Keith Bonawitz and
               Vladimir Ivanov and
               Ben Kreuter and
               Antonio Marcedone and
               H. Brendan McMahan and
               Sarvar Patel and
               Daniel Ramage and
               Aaron Segal and
               Karn Seth},
  editor    = {Bhavani M. Thuraisingham and
               David Evans and
               Tal Malkin and
               Dongyan Xu},
  title     = {Practical Secure Aggregation for Privacy-Preserving Machine Learning},
  booktitle = {Proceedings of the 2017 {ACM} {SIGSAC} Conference on Computer and
               Communications Security, {CCS} 2017, Dallas, TX, USA, October 30 -
               November 03, 2017},
  pages     = {1175--1191},
  publisher = {{ACM}},
  year      = {2017},
  url       = {https://doi.org/10.1145/3133956.3133982},
  doi       = {10.1145/3133956.3133982},
  timestamp = {Tue, 06 Nov 2018 11:07:29 +0100},
  biburl    = {https://dblp.org/rec/conf/ccs/BonawitzIKMMPRS17.bib},
  bibsource = {dblp computer science bibliography, https://dblp.org}
}

@article{phong2018additive,
  author    = {Le Trieu Phong and
               Yoshinori Aono and
               Takuya Hayashi and
               Lihua Wang and
               Shiho Moriai},
  title     = {Privacy-Preserving Deep Learning via Additively Homomorphic Encryption},
  journal   = {{IEEE} Trans. Inf. Forensics Secur.},
  volume    = {13},
  number    = {5},
  pages     = {1333--1345},
  year      = {2018},
  url       = {https://doi.org/10.1109/TIFS.2017.2787987},
  doi       = {10.1109/TIFS.2017.2787987},
  timestamp = {Thu, 06 Aug 2020 13:53:23 +0200},
  biburl    = {https://dblp.org/rec/journals/tifs/PhongAHWM18.bib},
  bibsource = {dblp computer science bibliography, https://dblp.org}
}

Paillier同态加密
@inproceedings{paillier1999,
  title={Public-key cryptosystems based on composite degree residuosity classes},
  author={Paillier, Pascal},
  booktitle={International conference on the theory and applications of cryptographic techniques},
  pages={223--238},
  year={1999},
  organization={Springer}
}
Gentry全同态
@book{gentry2009fhe,
  title={A fully homomorphic encryption scheme},
  author={Gentry, Craig and Boneh, Dan},
  volume={20},
  number={9},
  year={2009},
  publisher={Stanford university Stanford}
}
混淆电路
@article{lindell2009gcproof,
	title="A Proof of Security of Yao’s Protocol for Two-Party Computation",
	author="Yehuda {Lindell} and Benny {Pinkas}",
	journal="Journal of Cryptology",
	volume="22",
	number="2",
	pages="161--188",
	notes="Sourced from Microsoft Academic - https://academic.microsoft.com/paper/2106217851",
	year="2009"
}
@inproceedings{mohassel2017secureml,
  author    = {Payman Mohassel and
               Yupeng Zhang},
  title     = {SecureML: {A} System for Scalable Privacy-Preserving Machine Learning},
  booktitle = {2017 {IEEE} Symposium on Security and Privacy, {SP} 2017, San Jose,
               CA, USA, May 22-26, 2017},
  pages     = {19--38},
  publisher = {{IEEE} Computer Society},
  year      = {2017},
  url       = {https://doi.org/10.1109/SP.2017.12},
  doi       = {10.1109/SP.2017.12},
  timestamp = {Wed, 16 Oct 2019 14:14:51 +0200},
  biburl    = {https://dblp.org/rec/conf/sp/MohasselZ17.bib},
  bibsource = {dblp computer science bibliography, https://dblp.org}
}

 @inproceedings{bachrach2016cryptonets,
  author    = {Ran Gilad{-}Bachrach and
               Nathan Dowlin and
               Kim Laine and
               Kristin E. Lauter and
               Michael Naehrig and
               John Wernsing},
  editor    = {Maria{-}Florina Balcan and
               Kilian Q. Weinberger},
  title     = {CryptoNets: Applying Neural Networks to Encrypted Data with High Throughput
               and Accuracy},
  booktitle = {Proceedings of the 33nd International Conference on Machine Learning,
               {ICML} 2016, New York City, NY, USA, June 19-24, 2016},
  series    = {{JMLR} Workshop and Conference Proceedings},
  volume    = {48},
  pages     = {201--210},
  publisher = {JMLR.org},
  year      = {2016},
  url       = {http://proceedings.mlr.press/v48/gilad-bachrach16.html},
  timestamp = {Wed, 29 May 2019 08:41:46 +0200},
  biburl    = {https://dblp.org/rec/conf/icml/Gilad-BachrachD16.bib},
  bibsource = {dblp computer science bibliography, https://dblp.org}
}

@inproceedings{juvekar2018gazelle,
	title="{GAZELLE}: A Low Latency Framework for Secure Neural Network Inference",
	author="Chiraag {Juvekar} and Vinod {Vaikuntanathan} and Anantha {Chandrakasan}",
	booktitle="27th {USENIX} Security Symposium ({USENIX} Security 18)",
	pages="1651--1669",
	notes="Sourced from Microsoft Academic - https://academic.microsoft.com/paper/2963733194",
	year="2018"
}

@inproceedings{zhangqiao2019gelunet,
  author    = {Qiao Zhang and
               Cong Wang and
               Hongyi Wu and
               Chunsheng Xin and
               Tran V. Phuong},
  editor    = {J{\'{e}}r{\^{o}}me Lang},
  title     = {GELU-Net: {A} Globally Encrypted, Locally Unencrypted Deep Neural
               Network for Privacy-Preserved Learning},
  booktitle = {Proceedings of the Twenty-Seventh International Joint Conference on
               Artificial Intelligence, {IJCAI} 2018, July 13-19, 2018, Stockholm,
               Sweden},
  pages     = {3933--3939},
  publisher = {ijcai.org},
  year      = {2018},
  url       = {https://doi.org/10.24963/ijcai.2018/547},
  doi       = {10.24963/ijcai.2018/547},
  timestamp = {Thu, 17 Oct 2019 18:22:54 +0200},
  biburl    = {https://dblp.org/rec/conf/ijcai/ZhangWWXP18.bib},
  bibsource = {dblp computer science bibliography, https://dblp.org}
}
@inproceedings{GMW1987,
  author    = {Oded Goldreich and
               Silvio Micali and
               Avi Wigderson},
  editor    = {Alfred V. Aho},
  title     = {How to Play any Mental Game or {A} Completeness Theorem for Protocols
               with Honest Majority},
  booktitle = {Proceedings of the 19th Annual {ACM} Symposium on Theory of Computing,
               1987, New York, New York, {USA}},
  pages     = {218--229},
  publisher = {{ACM}},
  year      = {1987},
  url       = {https://doi.org/10.1145/28395.28420},
  doi       = {10.1145/28395.28420},
  timestamp = {Mon, 26 Nov 2018 15:05:57 +0100},
  biburl    = {https://dblp.org/rec/conf/stoc/GoldreichMW87.bib},
  bibsource = {dblp computer science bibliography, https://dblp.org}
}

@inproceedings{BGW1988,
  author    = {Michael Ben{-}Or and
               Shafi Goldwasser and
               Avi Wigderson},
  editor    = {Janos Simon},
  title     = {Completeness Theorems for Non-Cryptographic Fault-Tolerant Distributed
               Computation (Extended Abstract)},
  booktitle = {Proceedings of the 20th Annual {ACM} Symposium on Theory of Computing,
               May 2-4, 1988, Chicago, Illinois, {USA}},
  pages     = {1--10},
  publisher = {{ACM}},
  year      = {1988},
  url       = {https://doi.org/10.1145/62212.62213},
  doi       = {10.1145/62212.62213},
  timestamp = {Sun, 02 Jun 2019 21:10:31 +0200},
  biburl    = {https://dblp.org/rec/conf/stoc/Ben-OrGW88.bib},
  bibsource = {dblp computer science bibliography, https://dblp.org}
}

@article{shamir1979share,
  title={How to share a secret},
  author={Shamir, Adi},
  journal={Communications of the ACM},
  volume={22},
  number={11},
  pages={612--613},
  year={1979},
  publisher={ACm New York, NY, USA}
}

@inproceedings{beaver1991,
  author    = {Donald Beaver},
  editor    = {Joan Feigenbaum},
  title     = {Efficient Multiparty Protocols Using Circuit Randomization},
  booktitle = {Advances in Cryptology - {CRYPTO} '91, 11th Annual International Cryptology
               Conference, Santa Barbara, California, USA, August 11-15, 1991, Proceedings},
  series    = {Lecture Notes in Computer Science},
  volume    = {576},
  pages     = {420--432},
  publisher = {Springer},
  year      = {1991},
  url       = {https://doi.org/10.1007/3-540-46766-1\_34},
  doi       = {10.1007/3-540-46766-1\_34},
  timestamp = {Fri, 17 Jul 2020 16:12:45 +0200},
  biburl    = {https://dblp.org/rec/conf/crypto/Beaver91a.bib},
  bibsource = {dblp computer science bibliography, https://dblp.org}
}

隐私保护机器学习框架
@inproceedings{demmler2015aby,
  author    = {Daniel Demmler and
               Thomas Schneider and
               Michael Zohner},
  title     = {{ABY} - {A} Framework for Efficient Mixed-Protocol Secure Two-Party
               Computation},
  booktitle = {22nd Annual Network and Distributed System Security Symposium, {NDSS}
               2015, San Diego, California, USA, February 8-11, 2015},
  publisher = {The Internet Society},
  year      = {2015},
  url       = {https://www.ndss-symposium.org/ndss2015/aby---framework-efficient-mixed-protocol-secure-two-party-computation},
  timestamp = {Tue, 16 Jan 2018 13:23:48 +0100},
  biburl    = {https://dblp.org/rec/conf/ndss/Demmler0Z15.bib},
  bibsource = {dblp computer science bibliography, https://dblp.org}
}

@inproceedings{mohassel2018aby3,
  author    = {Payman Mohassel and
               Peter Rindal},
  editor    = {David Lie and
               Mohammad Mannan and
               Michael Backes and
               XiaoFeng Wang},
  title     = {ABY\({}^{\mbox{3}}\): {A} Mixed Protocol Framework for Machine Learning},
  booktitle = {Proceedings of the 2018 {ACM} {SIGSAC} Conference on Computer and
               Communications Security, {CCS} 2018, Toronto, ON, Canada, October
               15-19, 2018},
  pages     = {35--52},
  publisher = {{ACM}},
  year      = {2018},
  url       = {https://doi.org/10.1145/3243734.3243760},
  doi       = {10.1145/3243734.3243760},
  timestamp = {Wed, 21 Nov 2018 12:44:06 +0100},
  biburl    = {https://dblp.org/rec/conf/ccs/MohasselR18.bib},
  bibsource = {dblp computer science bibliography, https://dblp.org}
}
@inproceedings{riazi2018chameleon,
  author    = {M. Sadegh Riazi and
               Christian Weinert and
               Oleksandr Tkachenko and
               Ebrahim M. Songhori and
               Thomas Schneider and
               Farinaz Koushanfar},
  editor    = {Jong Kim and
               Gail{-}Joon Ahn and
               Seungjoo Kim and
               Yongdae Kim and
               Javier L{\'{o}}pez and
               Taesoo Kim},
  title     = {Chameleon: {A} Hybrid Secure Computation Framework for Machine Learning
               Applications},
  booktitle = {Proceedings of the 2018 on Asia Conference on Computer and Communications
               Security, AsiaCCS 2018, Incheon, Republic of Korea, June 04-08, 2018},
  pages     = {707--721},
  publisher = {{ACM}},
  year      = {2018},
  url       = {https://doi.org/10.1145/3196494.3196522},
  doi       = {10.1145/3196494.3196522},
  timestamp = {Sat, 19 Oct 2019 20:06:18 +0200},
  biburl    = {https://dblp.org/rec/conf/ccs/RiaziWTS0K18.bib},
  bibsource = {dblp computer science bibliography, https://dblp.org}
}
@article{wagh2019securenn,
  author    = {Sameer Wagh and
               Divya Gupta and
               Nishanth Chandran},
  title     = {SecureNN: 3-Party Secure Computation for Neural Network Training},
  journal   = {Proc. Priv. Enhancing Technol.},
  volume    = {2019},
  number    = {3},
  pages     = {26--49},
  year      = {2019},
  url       = {https://doi.org/10.2478/popets-2019-0035},
  doi       = {10.2478/popets-2019-0035},
  timestamp = {Tue, 01 Sep 2020 13:13:12 +0200},
  biburl    = {https://dblp.org/rec/journals/popets/WaghGC19.bib},
  bibsource = {dblp computer science bibliography, https://dblp.org}
}
数据泄露
@inproceedings{Narayanan2006netflixleak,
  author    = {Arvind Narayanan and
               Vitaly Shmatikov},
  title     = {Robust De-anonymization of Large Sparse Datasets},
  booktitle = {2008 {IEEE} Symposium on Security and Privacy (S{\&}P 2008), 18-21 May 2008, Oakland, California, {USA}},
  pages     = {111--125},
  publisher = {{IEEE} Computer Society},
  year      = {2008},
  url       = {https://doi.org/10.1109/SP.2008.33},
  doi       = {10.1109/SP.2008.33},
  timestamp = {Wed, 16 Oct 2019 14:14:51 +0200},
  biburl    = {https://dblp.org/rec/conf/sp/NarayananS08.bib},
  bibsource = {dblp computer science bibliography, https://dblp.org}
}
差分隐私
@book{dwork2014dp,
	title="The Algorithmic Foundations of Differential Privacy",
	author="Cynthia {Dwork} and Aaron {Roth}",
	notes="Sourced from Microsoft Academic - https://academic.microsoft.com/paper/2027595342",
	year="2014"
  }
@inproceedings{abadi2016deepdp,
	title="Deep Learning with Differential Privacy",
	author="Martin {Abadi} and Andy {Chu} and Ian {Goodfellow} and H. Brendan {McMahan} and Ilya {Mironov} and Kunal {Talwar} and Li {Zhang}",
	booktitle="Proceedings of the 2016 ACM SIGSAC Conference on Computer and Communications Security",
	pages="308--318",
	notes="Sourced from Microsoft Academic - https://academic.microsoft.com/paper/2473418344",
	year="2016"
}
@inproceedings{nicolas2017pate,
  author    = {Nicolas Papernot and
               Mart{\'{\i}}n Abadi and
               {\'{U}}lfar Erlingsson and
               Ian J. Goodfellow and
               Kunal Talwar},
  title     = {Semi-supervised Knowledge Transfer for Deep Learning from Private
               Training Data},
  booktitle = {5th International Conference on Learning Representations, {ICLR} 2017,
               Toulon, France, April 24-26, 2017, Conference Track Proceedings},
  publisher = {OpenReview.net},
  year      = {2017},
  url       = {https://openreview.net/forum?id=HkwoSDPgg},
  timestamp = {Thu, 04 Apr 2019 13:20:08 +0200},
  biburl    = {https://dblp.org/rec/conf/iclr/PapernotAEGT17.bib},
  bibsource = {dblp computer science bibliography, https://dblp.org}
}
@inproceedings{Bittau2017ESA,
  author    = {Andrea Bittau and
               {\'{U}}lfar Erlingsson and
               Petros Maniatis and
               Ilya Mironov and
               Ananth Raghunathan and
               David Lie and
               Mitch Rudominer and
               Ushasree Kode and
               Julien Tinn{\'{e}}s and
               Bernhard Seefeld},
  title     = {Prochlo: Strong Privacy for Analytics in the Crowd},
  booktitle = {Proceedings of the 26th Symposium on Operating Systems Principles,
               Shanghai, China, October 28-31, 2017},
  pages     = {441--459},
  publisher = {{ACM}},
  year      = {2017},
  url       = {https://doi.org/10.1145/3132747.3132769},
  doi       = {10.1145/3132747.3132769},
  timestamp = {Tue, 06 Nov 2018 16:59:32 +0100},
  biburl    = {https://dblp.org/rec/conf/sosp/BittauEMMRLRKTS17.bib},
  bibsource = {dblp computer science bibliography, https://dblp.org}
}

数据集
@article{lecun1998mnist,
  title={Gradient-based learning applied to document recognition},
  author={LeCun, Yann and Bottou, L{\'e}on and Bengio, Yoshua and Haffner, Patrick},
  journal={Proceedings of the IEEE},
  volume={86},
  number={11},
  pages={2278--2324},
  year={1998},
  publisher={Ieee}
}